%% This BibTeX bibliography file was created using BibDesk.
%% http://bibdesk.sourceforge.net/


%% Created for Lauro Cesar Araujo at 2013-04-05 08:03:49 -0300 


%% Saved with string encoding Unicode (UTF-8) 

@article{pedrosa2001ambiente,
  title={Ambiente computacional para modelagem espacial din{\^a}mica},
  author={Pedrosa, Bianca Maria and C{\^a}mara, Gilberto and Monteiro, Ant{\^o}nio Miguel Vieira},
  journal={Relat{\'o}rio T{\'e}cnico},
  pages={1--49},
  year={2001}
}

@article{lisboa2001projeto,
  title={Projeto de banco de dados para sistemas de informação geográfica},
  author={Lisboa Filho, Jugurta},
  journal={Revista Eletr{\^o}nica de Inicia{\c{c}}{\~a}o Cient{\'\i}fica, Porto Alegre},
  volume={1},
  number={2},
  year={2001}
}

@article{lisboa1996introduccao,
  title={Introdu{\c{c}}{\~a}o a sistemas de informa{\c{c}}{\~o}es geogr{\'a}ficas com {\^e}nfase em banco de dados},
  author={Lisboa Filho, Jugurta and Iochpe, Cirano},
  journal={Proceedings of the XV JAI-Jornada de Atualiza{\c{c}}{\~a}o em Inform{\'a}tica},
  year={1996}
}
@article{furquim2008principais,
  title={Principais caracter{\'\i}sticas e diferen{\c{c}}as entre sistemas sig desktop e sig web},
  author={Furquim, A and Furquim, M},
  journal={SL: sn},
  year={2008}
}

@article{krieger2003race,
  title={Race/ethnicity, gender, and monitoring socioeconomic gradients in health: a comparison of area-based socioeconomic measures—the public health disparities geocoding project},
  author={Krieger, Nancy and Chen, Jarvis T and Waterman, Pamela D and Rehkopf, David H and Subramanian, SV},
  journal={American journal of public health},
  volume={93},
  number={10},
  pages={1655--1671},
  year={2003},
  publisher={American Public Health Association}
}

@book{rocha2002geoprocessamento,
  title={Geoprocessamento: tecnologia transdisciplinar},
  author={Rocha, C{\'e}zar Henrique Barra},
  year={2002},
  publisher={Ed. do autor}
}

@article{barbosa1998instrumentos,
  title={Instrumentos de coleta de dados em pesquisas educacionais},
  author={Barbosa, Eduardo F},
  journal={Educativa, out},
  year={1998}
}

@article{bressanconcepccao,
  title={Concep{\c{c}}{\~a}o, desenvolvimento e integra{\c{c}}{\~a}o de um ambiente SIGWeb com ferramentas de software livre},
  author={Bressan, Thiago Santi and Pereira, Rudiney Soares}
}

@article{camara2005representaccao,
  title={Representa{\c{c}}{\~a}o computacional de dados geogr{\'a}ficos},
  author={C{\^a}mara, Gilberto},
  journal={CASANOVA, MA et al. Banco de dados geogr{\'a}ficos. Curitiba: Mundogeo},
  pages={11--52},
  year={2005}
}

@article{cruz2005sistemas,
  title={Sistemas de Informa{\c{c}}{\~o}es Geogr{\'a}ficas aplicados {\`a} an{\'a}lise espacial em transportes, meio ambiente e ocupa{\c{c}}{\~a}o do solo},
  author={Cruz, Isolina and Campos, V{\^a}nia Barcellos Gouv{\^e}a},
  journal={Rio de Transportes III},
  year={2005}
}

@article{omote2005versao,
  title={Vers{\~a}o eletr{\^o}nica de question{\'a}rio e o controle de erros de resposta},
  author={Omote, Sadao and Prado, Paulo S{\'e}rgio Teixeira do and Carrara, Kester},
  journal={Estudos de Psicologia},
  volume={10},
  number={3},
  pages={397--405},
  year={2005},
  publisher={SciELO Brasil}
}

@inproceedings{rodrigues1990introduccao,
  title={Introdu{\c{c}}{\~a}o ao geoprocessamento},
  author={Rodrigues, Marcos},
  booktitle={Simp{\'o}sio Brasileiro de Geoprocessamento},
  volume={1},
  pages={1--26},
  year={1990},
  organization={Sagres S{\~a}o Paulo}
}

@article{rosa1996introduccao,
  title={Introdu{\c{c}}{\~a}o ao geoprocessamento},
  author={Rosa, Roberto and Brito, Jorge Luis Silva},
  journal={Uberl{\^a}ndia: Universidades Federais de Uberl{\^a}ndia},
  year={1996}
}

@article{schimiguel2006framework,
  title={Um framework para a avalia{\c{c}}{\~a}o de interfaces de aplica{\c{c}}{\~o}es sig web no dom{\'\i}nio agr{\'\i}cola},
  author={Schimiguel, Juliano and others},
  year={2006},
  publisher={Campinas, SP}
}

% Resolvido!

@article{evasao,
  title={Evasão no ensino superior: estudo dos fatores causadores da evasão no curso de Ciências Contábeis da Universidade Estadual de Montes Claros–Unimontes–MG.},
  author={Dias, E. C. M. and TheÓphilo, C. R. and Lopes, M. A. S.},
  journal={Congresso USP De Iniciação Científica Em Contabilidade.},
  year={2010}
}

%%DIAS, Ellen CM; THEÓPHILO, Carlos R.; LOPES, Maria AS. Evasão no ensino superior: estudo dos fatores causadores da evasão no curso de Ciências Contábeis da Universidade Estadual de Montes Claros–Unimontes–MG. In: Congresso USP De Iniciação Científica Em Contabilidade. 2010